@web{Christian2019,
   author = {Chow, Christian},
   posted-at = {2019-09-15},
   title = {Machine Learning for Property Valuation},
   year = {2019},
   url = {https://chrischow.github.io/dataandstuff/2019-09-15-machine-learning-for-property-valuation/}
}

@web{Bergadano2019,
    author = {Bergadano, Fransesco and Bertillone, Roberto and Paolotti, Daniela and Ruffo, Glancario},
    posted-at = {2019-09-04},
    title = {Learning Real Estate Automated Valuation Models From Heterogenous Data Sources},
    year = {2019},
    url = {https://arxiv.org/pdf/1909.00704.pdf}
}

@web{Bershadskiy,
    author = {Bershadskiy, Ilya},
    title = {Predicting House Price Using Regression Algorithm for Machine Learning},
    url = {https://yalantis.com/blog/predictive-algorithm-for-house-price/}
}